
@ARTICLE{Adams2014,
   author = {{Adams}, M. and {Sterling}, A.~C. and {Moore}, R.~L. and {Gary}, G.~A.
	},
    title = "{A Small-scale Eruption Leading to a Blowout Macrospicule Jet in an On-disk Coronal Hole}",
  journal = {\apj},
 keywords = {Sun: chromosphere, Sun: filaments, prominences, Sun: magnetic fields, Sun: transition region, Sun: UV radiation },
     year = 2014,
    month = mar,
   volume = 783,
      eid = {11},
    pages = {11},
      doi = {10.1088/0004-637X/783/1/11},
   adsurl = {http://adsabs.harvard.edu/abs/2014ApJ...783...11A},
  adsnote = {Provided by the SAO/NASA Astrophysics Data System}
}


@ARTICLE{AIAspec,
   author = {{Lemen}, J.~R. and {Title}, A.~M. and {Akin}, D.~J. and {Boerner}, P.~F. and 
	{Chou}, C. and {Drake}, J.~F. and {Duncan}, D.~W. and {Edwards}, C.~G. and 
	{Friedlaender}, F.~M. and {Heyman}, G.~F. and {Hurlburt}, N.~E. and 
	{Katz}, N.~L. and {Kushner}, G.~D. and {Levay}, M. and {Lindgren}, R.~W. and 
	{Mathur}, D.~P. and {McFeaters}, E.~L. and {Mitchell}, S. and 
	{Rehse}, R.~A. and {Schrijver}, C.~J. and {Springer}, L.~A. and 
	{Stern}, R.~A. and {Tarbell}, T.~D. and {Wuelser}, J.-P. and 
	{Wolfson}, C.~J. and {Yanari}, C. and {Bookbinder}, J.~A. and 
	{Cheimets}, P.~N. and {Caldwell}, D. and {Deluca}, E.~E. and 
	{Gates}, R. and {Golub}, L. and {Park}, S. and {Podgorski}, W.~A. and 
	{Bush}, R.~I. and {Scherrer}, P.~H. and {Gummin}, M.~A. and 
	{Smith}, P. and {Auker}, G. and {Jerram}, P. and {Pool}, P. and 
	{Soufli}, R. and {Windt}, D.~L. and {Beardsley}, S. and {Clapp}, M. and 
	{Lang}, J. and {Waltham}, N.},
    title = "{The Atmospheric Imaging Assembly (AIA) on the Solar Dynamics Observatory (SDO)}",
  journal = {\solphys},
 keywords = {Solar corona, Solar instrumentation, Solar imaging, Extreme ultraviolet},
     year = 2012,
    month = jan,
   volume = 275,
    pages = {17-40},
      doi = {10.1007/s11207-011-9776-8},
   adsurl = {http://adsabs.harvard.edu/abs/2012SoPh..275...17L},
  adsnote = {Provided by the SAO/NASA Astrophysics Data System}
}


@ARTICLE{Aschwanden2007,
   author = {{Aschwanden}, M.~J.},
    title = "{From solar nanoflares to stellar giant flares: Scaling laws and non-implications for coronal heating}",
  journal = {Advances in Space Research},
     year = 2007,
   volume = 39,
    pages = {1867-1875},
      doi = {10.1016/j.asr.2007.03.050},
   adsurl = {http://adsabs.harvard.edu/abs/2007AdSpR..39.1867A},
  adsnote = {Provided by the SAO/NASA Astrophysics Data System}
}


@ARTICLE{AschwandenCHR2007,
   author = {{Aschwanden}, M.~J. and {Winebarger}, A. and {Tsiklauri}, D. and 
	{Peter}, H.},
    title = "{The Coronal Heating Paradox}",
  journal = {\apj},
 keywords = {Sun: Chromosphere, Sun: Corona, Hydrodynamics},
     year = 2007,
    month = apr,
   volume = 659,
    pages = {1673-1681},
      doi = {10.1086/513070},
   adsurl = {http://adsabs.harvard.edu/abs/2007ApJ...659.1673A},
  adsnote = {Provided by the SAO/NASA Astrophysics Data System}
}


@ARTICLE{Beckers1968,
   author = {{Beckers}, J.~M.},
    title = "{Solar Spicules (Invited Review Paper)}",
  journal = {\solphys},
     year = 1968,
    month = mar,
   volume = 3,
    pages = {367-433},
      doi = {10.1007/BF00171614},
   adsurl = {http://adsabs.harvard.edu/abs/1968SoPh....3..367B},
  adsnote = {Provided by the SAO/NASA Astrophysics Data System}
}


@BOOK{Bohlin75,
   author = {{Bohlin}, J.~D. and {Rubenstein}, D.~M.},
    title = "{Synoptic maps of solar coronal hole boundaries derived from He 2 304 A spectroheliograms from the manned SKYLAB missions}",
booktitle = {Synoptic maps of solar coronal hole boundaries derived from He\_II 304\_{\AA} spectroheliograms from the manned Skylab mission., by Bohlin, J.~D.; Rubenstein, D.~M..~ World Data Center A, Solar-Terrestrial Phys., Rep.~UAG-51, 21 p.},
     year = 1975,
    month = nov,
   adsurl = {http://adsabs.harvard.edu/abs/1975smsc.book.....B},
  adsnote = {Provided by the SAO/NASA Astrophysics Data System}
}


@ARTICLE{Bohlin1975,
   author = {{Bohlin}, J.~D. and {Vogel}, S.~N. and {Purcell}, J.~D. and 
	{Sheeley}, Jr., N.~R. and {Tousey}, R. and {Vanhoosier}, M.~E.
	},
    title = "{A newly observed solar feature - Macrospicules in He II 304 A}",
  journal = {\apjl},
 keywords = {FAR ULTRAVIOLET RADIATION, HELIUM IONS, SOLAR SPECTRA, SPICULES, ULTRAVIOLET SPECTRA, H ALPHA LINE, SKYLAB PROGRAM, SOLAR LIMB, SOLAR PROMINENCES, SPECTROHELIOGRAPHS},
     year = 1975,
    month = may,
   volume = 197,
    pages = {L133-L135},
      doi = {10.1086/181794},
   adsurl = {http://adsabs.harvard.edu/abs/1975ApJ...197L.133B},
  adsnote = {Provided by the SAO/NASA Astrophysics Data System}
}


@ARTICLE{DePontieu2004,
   author = {{De Pontieu}, B. and {Erdelyi}, R. and {De Moortel}, I. and {Metcalf}, T.},
    title = "{Photospheric Oscillations in the Solar Atmosphere: Driving Chromospheric Spicules and Coronal Waves}",
  journal = {AGU Fall Meeting Abstracts},
 keywords = {7507 Chromosphere, 7509 Corona, 7524 Magnetic fields, 7529 Photosphere, 7546 Transition region},
     year = 2004,
    month = dec,
    pages = {A1142},
   adsurl = {http://adsabs.harvard.edu/abs/2004AGUFMSH13A1142D},
  adsnote = {Provided by the SAO/NASA Astrophysics Data System}
}


@ARTICLE{DePontieu2007,
   author = {{De Pontieu}, B. and {McIntosh}, S. and {Hansteen}, V.~H. and 
	{Carlsson}, M. and {Schrijver}, C.~J. and {Tarbell}, T.~D. and 
	{Title}, A.~M. and {Shine}, R.~A. and {Suematsu}, Y. and {Tsuneta}, S. and 
	{Katsukawa}, Y. and {Ichimoto}, K. and {Shimizu}, T. and {Nagata}, S.
	},
    title = "{A Tale of Two Spicules: The Impact of Spicules on the Magnetic Chromosphere}",
  journal = {\pasj},
archivePrefix = "arXiv",
   eprint = {0710.2934},
 keywords = {Sun: chromosphere, Sun: transition region},
     year = 2007,
    month = nov,
   volume = 59,
    pages = {655},
   adsurl = {http://adsabs.harvard.edu/abs/2007PASJ...59S.655D},
  adsnote = {Provided by the SAO/NASA Astrophysics Data System}
}


@ARTICLE{DePontieu&Erdelyi2004,
   author = {{De Pontieu}, B. and {Erd{\'e}lyi}, R. and {James}, S.~P.},
    title = "{Solar chromospheric spicules from the leakage of photospheric oscillations and flows}",
  journal = {\nat},
     year = 2004,
    month = jul,
   volume = 430,
    pages = {536-539},
      doi = {10.1038/nature02749},
   adsurl = {http://adsabs.harvard.edu/abs/2004Natur.430..536D},
  adsnote = {Provided by the SAO/NASA Astrophysics Data System}
}


@ARTICLE{Dere89,
   author = {{Dere}, K.~P. and {Bartoe}, J.-D.~F. and {Brueckner}, G.~E. and 
	{Cook}, J.~W. and {Socker}, D.~G.},
    title = "{UV observations of macrospicules at the solar limb}",
  journal = {\solphys},
 keywords = {SOLAR LIMB, SPICULES, ULTRAVIOLET SPECTRA, CORONAL HOLES, EXTREME ULTRAVIOLET RADIATION, SPECTROHELIOGRAPHS},
     year = 1989,
    month = mar,
   volume = 119,
    pages = {55-63},
      doi = {10.1007/BF00146212},
   adsurl = {http://adsabs.harvard.edu/abs/1989SoPh..119...55D},
  adsnote = {Provided by the SAO/NASA Astrophysics Data System}
}


@ARTICLE{Erdelyi2007,
   author = {{Erd{\'e}lyi}, R. and {Ballai}, I.},
    title = "{Heating of the solar and stellar coronae: a review}",
  journal = {Astronomische Nachrichten},
 keywords = {Sun: corona, Sun: magnetic field, stars: coronae},
     year = 2007,
    month = oct,
   volume = 328,
    pages = {726-733},
      doi = {10.1002/asna.200710803},
   adsurl = {http://adsabs.harvard.edu/abs/2007AN....328..726E},
  adsnote = {Provided by the SAO/NASA Astrophysics Data System}
}


@ARTICLE{Feng2012,
   author = {{Feng}, L. and {Inhester}, B. and {de Patoul}, J. and {Wiegelmann}, T. and 
	{Gan}, W.~Q.},
    title = "{Particle kinetic analysis of a polar jet from SECCHI COR data}",
  journal = {\aap},
archivePrefix = "arXiv",
   eprint = {1112.2255},
 primaryClass = "astro-ph.SR",
 keywords = {Sun: activity, Sun: corona},
     year = 2012,
    month = feb,
   volume = 538,
      eid = {A34},
    pages = {A34},
      doi = {10.1051/0004-6361/201117071},
   adsurl = {http://adsabs.harvard.edu/abs/2012A%26A...538A..34F},
  adsnote = {Provided by the SAO/NASA Astrophysics Data System}
}


@ARTICLE{Godoli1967,
   author = {{Godoli}, G. and {Mazzucconi}, F.},
    title = "{The Sun's Polar Surges and Magnetic Fields}",
  journal = {\apj},
     year = 1967,
    month = mar,
   volume = 147,
    pages = {1131},
      doi = {10.1086/149102},
   adsurl = {http://adsabs.harvard.edu/abs/1967ApJ...147.1131G},
  adsnote = {Provided by the SAO/NASA Astrophysics Data System}
}


@ARTICLE{Gyenge2014,
   author = {{Gyenge}, N. and {Baranyi}, T. and {Ludm{\'a}ny}, A.},
    title = "{Migration and Extension of Solar Active Longitudinal Zones}",
  journal = {\solphys},
archivePrefix = "arXiv",
   eprint = {1309.6150},
 primaryClass = "astro-ph.SR",
 keywords = {Sunspots, Solar activity},
     year = 2014,
    month = feb,
   volume = 289,
    pages = {579-591},
      doi = {10.1007/s11207-013-0424-3},
   adsurl = {http://adsabs.harvard.edu/abs/2014SoPh..289..579G},
  adsnote = {Provided by the SAO/NASA Astrophysics Data System}
}


@article{DebObsPaper,
	author = {{Gy{\"o}ri}, L. and {Baranyi}, T. and {Ludm{\'a}ny}, A.},
	    title = "{Photospheric data programs at the Debrecen Observatory}",
	 keywords = {Sunspots, Solar activity},
	    pages = {1-6},
	   url = {fenyi.solarobs.unideb.hu/publ/GyoriBaranyiLudmanyIAU273.pdf},
}


@article{Hall2008,
  title    = {Stellar Chromospheric Activity},
  author   = {Jeffrey C. Hall},
  journal  = {Living Reviews in Solar Physics},
  year     = {2008},
  number   = {2},
  volume   = {5},
  keywords = {Sun, Stars, Chromospheres},
  doi      = {10.12942/lrsp-2008-2},
  url      = {http://www.livingreviews.org/lrsp-2008-2}
}


@ARTICLE{Heggland2009,
   author = {{Heggland}, L. and {De Pontieu}, B. and {Hansteen}, V.~H.},
    title = "{Observational Signatures of Simulated Reconnection Events in the Solar Chromosphere and Transition Region}",
  journal = {\apj},
archivePrefix = "arXiv",
   eprint = {0902.0977},
 primaryClass = "astro-ph.SR",
 keywords = {magnetic fields, MHD, Sun: chromosphere, Sun: transition region},
     year = 2009,
    month = sep,
   volume = 702,
    pages = {1-18},
      doi = {10.1088/0004-637X/702/1/1},
   adsurl = {http://adsabs.harvard.edu/abs/2009ApJ...702....1H},
  adsnote = {Provided by the SAO/NASA Astrophysics Data System}
}


@ARTICLE{Isobe2008,
   author = {{Isobe}, H. and {Proctor}, M.~R.~E. and {Weiss}, N.~O.},
    title = "{Convection-driven Emergence of Small-Scale Magnetic Fields and their Role in Coronal Heating and Solar Wind Acceleration}",
  journal = {\apjl},
 keywords = {Magnetohydrodynamics: MHD, Sun: Chromosphere, Sun: Corona, Sun: Photosphere},
     year = 2008,
    month = may,
   volume = 679,
    pages = {L57-L60},
      doi = {10.1086/589150},
   adsurl = {http://adsabs.harvard.edu/abs/2008ApJ...679L..57I},
  adsnote = {Provided by the SAO/NASA Astrophysics Data System}
}


@ARTICLE{Jiang2007,
   author = {{Jiang}, Y.~C. and {Chen}, H.~D. and {Li}, K.~J. and {Shen}, Y.~D. and 
	{Yang}, L.~H.},
    title = "{The H{$\alpha$} surges and EUV jets from magnetic flux emergences and cancellations}",
  journal = {\aap},
 keywords = {Sun: activity, Sun: magnetic field},
     year = 2007,
    month = jul,
   volume = 469,
    pages = {331-337},
      doi = {10.1051/0004-6361:20053954},
   adsurl = {http://adsabs.harvard.edu/abs/2007A%26A...469..331J},
  adsnote = {Provided by the SAO/NASA Astrophysics Data System}
}


@ARTICLE{Kamio2010,
   author = {{Kamio}, S. and {Curdt}, W. and {Teriaca}, L. and {Inhester}, B. and 
	{Solanki}, S.~K.},
    title = "{Observations of a rotating macrospicule associated with an X-ray jet}",
  journal = {\aap},
archivePrefix = "arXiv",
   eprint = {1001.1924},
 primaryClass = "astro-ph.SR",
 keywords = {Sun: corona, Sun: transition region, Sun: coronal mass ejections (CMEs), Sun: UV radiation},
     year = 2010,
    month = feb,
   volume = 510,
      eid = {L1},
    pages = {L1},
      doi = {10.1051/0004-6361/200913269},
   adsurl = {http://adsabs.harvard.edu/abs/2010A%26A...510L...1K},
  adsnote = {Provided by the SAO/NASA Astrophysics Data System}
}


@BOOK{Kutner2003,
   author = {{Kutner}, M.~L.},
    title = "{Astronomy: A Physical Perspective}",
booktitle = {Astronomy: A Physical Perspective, by Marc Kutner, pp.~600.~ISBN 0521821967.~Cambridge, UK: Cambridge University Press, August 2003.},
     year = 2003,
    month = jul,
   adsurl = {http://adsabs.harvard.edu/abs/2003app..book.....K},
  adsnote = {Provided by the SAO/NASA Astrophysics Data System}
}


@ARTICLE{LaBonte79,
   author = {{Labonte}, B.~J.},
    title = "{Activity in the quiet sun. I - Observations of macrospicules in H-alpha and D3}",
  journal = {\solphys},
 keywords = {D LINES, H ALPHA LINE, SOLAR PHYSICS, SPICULES, EMISSION SPECTRA, FAR ULTRAVIOLET RADIATION, HELIUM, SOLAR LIMB},
     year = 1979,
    month = mar,
   volume = 61,
    pages = {283-296},
      doi = {10.1007/BF00150413},
   adsurl = {http://adsabs.harvard.edu/abs/1979SoPh...61..283L},
  adsnote = {Provided by the SAO/NASA Astrophysics Data System}
}

@ARTICLE{Lipartito2014,
   author = {{Lipartito}, I. and {Judge}, P.~G. and {Reardon}, K. and {Cauzzi}, G.
	},
    title = "{The Solar Chromosphere Observed at 1{\nbsp}Hz and 0.''2 Resolution}",
  journal = {\apj},
archivePrefix = "arXiv",
   eprint = {1401.4474},
 primaryClass = "astro-ph.SR",
 keywords = {Sun: atmosphere, Sun: chromosphere, Sun: corona, Sun: magnetic fields },
     year = 2014,
    month = apr,
   volume = 785,
      eid = {109},
    pages = {109},
      doi = {10.1088/0004-637X/785/2/109},
   adsurl = {http://adsabs.harvard.edu/abs/2014ApJ...785..109L},
  adsnote = {Provided by the SAO/NASA Astrophysics Data System}
}



@ARTICLE{Madjarska2006,
   author = {{Madjarska}, M.~S. and {Doyle}, J.~G. and {Hochedez}, J.-F. and 
	{Theissen}, A.},
    title = "{Macrospicules and blinkers as seen in Shutterless EIT 304 {\AA}}",
  journal = {\aap},
 keywords = {Sun: atmosphere, Sun: transition region, methods: observational, methods: data analysis},
     year = 2006,
    month = jun,
   volume = 452,
    pages = {L11-L14},
      doi = {10.1051/0004-6361:200600024},
   adsurl = {http://adsabs.harvard.edu/abs/2006A%26A...452L..11M},
  adsnote = {Provided by the SAO/NASA Astrophysics Data System}
}



@ARTICLE{Parenti2002,
   author = {{Parenti}, S. and {Bromage}, B.~J.~I. and {Bromage}, G.~E.},
    title = "{An erupting macrospicule. Characteristics derived from SOHO-CDS spectroscopic observations}",
  journal = {\aap},
 keywords = {SUN: CORONA, SUN: ACTIVITY},
     year = 2002,
    month = mar,
   volume = 384,
    pages = {303-316},
      doi = {10.1051/0004-6361:20011819},
   adsurl = {http://adsabs.harvard.edu/abs/2002A%26A...384..303P},
  adsnote = {Provided by the SAO/NASA Astrophysics Data System}
}


@ARTICLE{Pereira2012,
   author = {{Pereira}, T.~M.~D. and {De Pontieu}, B. and {Carlsson}, M.},
    title = "{Quantifying Spicules}",
  journal = {\apj},
archivePrefix = "arXiv",
   eprint = {1208.4404},
 primaryClass = "astro-ph.SR",
 keywords = {Sun: atmosphere, Sun: chromosphere, Sun: transition region},
     year = 2012,
    month = nov,
   volume = 759,
      eid = {18},
    pages = {18},
      doi = {10.1088/0004-637X/759/1/18},
   adsurl = {http://adsabs.harvard.edu/abs/2012ApJ...759...18P},
  adsnote = {Provided by the SAO/NASA Astrophysics Data System}
}


@ARTICLE{Pereira2014,
   author = {{Pereira}, T.~M.~D. and {De Pontieu}, B. and {Carlsson}, M. and 
	{Hansteen}, V. and {Tarbell}, T.~D. and {Lemen}, J. and {Title}, A. and 
	{Boerner}, P. and {Hurlburt}, N. and {W{\"u}lser}, J.~P. and 
	{Mart{\'{\i}}nez-Sykora}, J. and {Kleint}, L. and {Golub}, L. and 
	{McKillop}, S. and {Reeves}, K.~K. and {Saar}, S. and {Testa}, P. and 
	{Tian}, H. and {Jaeggli}, S. and {Kankelborg}, C.},
    title = "{An Interface Region Imaging Spectrograph First View on Solar Spicules}",
  journal = {\apjl},
archivePrefix = "arXiv",
   eprint = {1407.6360},
 primaryClass = "astro-ph.SR",
 keywords = {Sun: atmosphere, Sun: chromosphere, Sun: transition region},
     year = 2014,
    month = sep,
   volume = 792,
      eid = {L15},
    pages = {L15},
      doi = {10.1088/2041-8205/792/1/L15},
   adsurl = {http://adsabs.harvard.edu/abs/2014ApJ...792L..15P},
  adsnote = {Provided by the SAO/NASA Astrophysics Data System}
}

@ARTICLE{Pike_Harrison1997,
   author = {{Pike}, C.~D. and {Harrison}, R.~A.},
    title = "{EUV Observations of a Macrospicule: Evidence for Solar Wind Acceleration?}",
  journal = {\solphys},
     year = 1997,
    month = oct,
   volume = 175,
    pages = {457-465},
      doi = {10.1023/A:1004987505422},
   adsurl = {http://adsabs.harvard.edu/abs/1997SoPh..175..457P},
  adsnote = {Provided by the SAO/NASA Astrophysics Data System}
}


@ARTICLE{Pike_Mason1998,
   author = {{Pike}, C.~D. and {Mason}, H.~E.},
    title = "{Rotating Transition Region Features Observed with the SOHO Coronal Diagnostic Spectrometer}",
  journal = {\solphys},
     year = 1998,
    month = oct,
   volume = 182,
    pages = {333-348},
   adsurl = {http://adsabs.harvard.edu/abs/1998SoPh..182..333P},
  adsnote = {Provided by the SAO/NASA Astrophysics Data System}
}

@INBOOK{Priest2003,
   author = {{Priest}, E.~R.},
    title = "{Solar magnetohydrodynamics}",
 keywords = {Solar Magnetohydrodynamics},
booktitle = {Dynamic Sun},
     year = 2003,
   editor = {{Dwivedi}, B.~N. and {Parker}, F.~b.~E.~N.},
    pages = {217-237},
   adsurl = {http://adsabs.harvard.edu/abs/2003dysu.book..217P},
  adsnote = {Provided by the SAO/NASA Astrophysics Data System}
}


@BOOK{principlesMHD,
  title={Principles of magnetohydrodynamics: With applications to laboratory and astrophysical plasmas},
  author={Goedbloed, Johan Peter and Poedts, Stefaan},
  year={2004},
  publisher={Cambridge University Press}
}


@ARTICLE{Madjarska2011,
   author = {{Madjarska}, M.~S. and {Vanninathan}, K. and {Doyle}, J.~G.},
    title = "{Can coronal hole spicules reach coronal temperatures?}",
  journal = {\aap},
archivePrefix = "arXiv",
   eprint = {1105.1296},
 primaryClass = "astro-ph.SR",
 keywords = {Sun: corona, Sun: transition region, line: profiles, methods: observational},
     year = 2011,
    month = aug,
   volume = 532,
      eid = {L1},
    pages = {L1},
      doi = {10.1051/0004-6361/201116735},
   adsurl = {http://adsabs.harvard.edu/abs/2011A%26A...532L...1M},
  adsnote = {Provided by the SAO/NASA Astrophysics Data System}
}



@ARTICLE{Moore1977,
   author = {{Moore}, R.~L. and {Tang}, F. and {Bohlin}, J.~D. and {Golub}, L.
	},
    title = "{H-alpha macrospicules - Identification with EUV macrospicules and with flares in X-ray bright points}",
  journal = {\apj},
 keywords = {FAR ULTRAVIOLET RADIATION, H ALPHA LINE, SOLAR FLARES, SOLAR X-RAYS, SPECTROHELIOGRAPHS, SPICULES, FILTERGRAMS, SOLAR RADIATION},
     year = 1977,
    month = nov,
   volume = 218,
    pages = {286-290},
      doi = {10.1086/155681},
   adsurl = {http://adsabs.harvard.edu/abs/1977ApJ...218..286M},
  adsnote = {Provided by the SAO/NASA Astrophysics Data System}
}


@ARTICLE{Moore2010,
   author = {{Moore}, R.~L. and {Cirtain}, J.~W. and {Sterling}, A.~C. and 
	{Falconer}, D.~A.},
    title = "{Dichotomy of Solar Coronal Jets: Standard Jets and Blowout Jets}",
  journal = {\apj},
 keywords = {Sun: activity, Sun: corona, Sun: coronal mass ejections: CMEs, Sun: magnetic topology, Sun: surface magnetism, Sun: transition region},
     year = 2010,
    month = sep,
   volume = 720,
    pages = {757-770},
      doi = {10.1088/0004-637X/720/1/757},
   adsurl = {http://adsabs.harvard.edu/abs/2010ApJ...720..757M},
  adsnote = {Provided by the SAO/NASA Astrophysics Data System}
}


@ARTICLE{Moschou2013,
   author = {{Moschou}, S.~P. and {Tsinganos}, K. and {Vourlidas}, A. and 
	{Archontis}, V.},
    title = "{SDO Observations of Solar Jets}",
  journal = {\solphys},
 keywords = {Solar jets, Magnetohydrodynamics, Magnetic field, Active regions},
     year = 2013,
    month = jun,
   volume = 284,
    pages = {427-438},
      doi = {10.1007/s11207-012-0190-7},
   adsurl = {http://adsabs.harvard.edu/abs/2013SoPh..284..427M},
  adsnote = {Provided by the SAO/NASA Astrophysics Data System}
}


@ARTICLE{Murawski2011,
   author = {{Murawski}, K. and {Srivastava}, A.~K. and {Zaqarashvili}, T.~V.
	},
    title = "{Numerical simulations of solar macrospicules}",
  journal = {\aap},
archivePrefix = "arXiv",
   eprint = {1108.5423},
 primaryClass = "astro-ph.SR",
 keywords = {magnetohydrodynamics (MHD), instabilities, Sun: atmosphere},
     year = 2011,
    month = nov,
   volume = 535,
      eid = {A58},
    pages = {A58},
      doi = {10.1051/0004-6361/201117589},
   adsurl = {http://adsabs.harvard.edu/abs/2011A%26A...535A..58M},
  adsnote = {Provided by the SAO/NASA Astrophysics Data System}
}


@ARTICLE{Nishizuka2011,
   author = {{Nishizuka}, N. and {Nakamura}, T. and {Kawate}, T. and {Singh}, K.~A.~P. and 
	{Shibata}, K.},
    title = "{Statistical Study of Chromospheric Anemone Jets Observed with Hinode/SOT}",
  journal = {\apj},
 keywords = {magnetic fields, magnetic reconnection, magnetohydrodynamics: MHD, plasmas, Sun: activity, Sun: chromosphere},
     year = 2011,
    month = apr,
   volume = 731,
      eid = {43},
    pages = {43},
      doi = {10.1088/0004-637X/731/1/43},
   adsurl = {http://adsabs.harvard.edu/abs/2011ApJ...731...43N},
  adsnote = {Provided by the SAO/NASA Astrophysics Data System}
}


@ARTICLE{Patsourakos1999,
   author = {{Patsourakos}, S. and {Vial}, J.-C. and {Gabriel}, A.~H. and 
	{Bellamine}, N.},
    title = "{Transition-Region Network Boundaries in the Quiet Sun: Width Variation with Temperature as Observed with CDS on SOHO}",
  journal = {\apj},
 keywords = {SUN: CORONA, SUN: TRANSITION REGION, SUN: UV RADIATION},
     year = 1999,
    month = sep,
   volume = 522,
    pages = {540-546},
      doi = {10.1086/307609},
   adsurl = {http://adsabs.harvard.edu/abs/1999ApJ...522..540P},
  adsnote = {Provided by the SAO/NASA Astrophysics Data System}
}

@ARTICLE{Sekse2013,
   author = {{Sekse}, D.~H. and {Rouppe van der Voort}, L. and {De Pontieu}, B. and 
	{Scullion}, E.},
    title = "{Interplay of Three Kinds of Motion in the Disk Counterpart of Type II Spicules: Upflow, Transversal, and Torsional Motions}",
  journal = {\apj},
archivePrefix = "arXiv",
   eprint = {1304.2304},
 primaryClass = "astro-ph.SR",
 keywords = {Sun: atmosphere, Sun: chromosphere, Sun: corona},
     year = 2013,
    month = may,
   volume = 769,
      eid = {44},
    pages = {44},
      doi = {10.1088/0004-637X/769/1/44},
   adsurl = {http://adsabs.harvard.edu/abs/2013ApJ...769...44S},
  adsnote = {Provided by the SAO/NASA Astrophysics Data System}
}


@ARTICLE{Scullion2009,
   author = {{Scullion}, E. and {Popescu}, M.~D. and {Banerjee}, D. and {Doyle}, J.~G. and 
	{Erd{\'e}lyi}, R.},
    title = "{Jets in Polar Coronal Holes}",
  journal = {\apj},
 keywords = {line: profiles, Sun: chromosphere, Sun: transition region, Sun: UV radiation, techniques: spectroscopic},
     year = 2009,
    month = oct,
   volume = 704,
    pages = {1385-1395},
      doi = {10.1088/0004-637X/704/2/1385},
   adsurl = {http://adsabs.harvard.edu/abs/2009ApJ...704.1385S},
  adsnote = {Provided by the SAO/NASA Astrophysics Data System}
}



@ARTICLE{Scullion2010,
   author = {{Scullion}, E. and {Doyle}, J.~G. and {Erd{\'e}lyi}, R.},
    title = "{A spectroscopic analysis of macrospicules .}",
  journal = {\memsai},
 keywords = {Methods: data analysis, Methods: observational, Techniques: imaging spectroscopy, Sun: corona, Sun: UV radiation},
     year = 2010,
   volume = 81,
    pages = {737},
   adsurl = {http://adsabs.harvard.edu/abs/2010MmSAI..81..737S},
  adsnote = {Provided by the SAO/NASA Astrophysics Data System}
}


@ARTICLE{ShibataSuematsu1982,
   author = {{Shibata}, K. and {Suematsu}, Y.},
    title = "{Why are spicules absent over plages and long under coronal holes}",
  journal = {\solphys},
 keywords = {Coronal Holes, Faculae, Magnetohydrodynamic Waves, Shock Wave Propagation, Solar Atmosphere, Spicules, Atmospheric Density, Atmospheric Models, Propagation Velocity, Solar Temperature},
     year = 1982,
    month = jun,
   volume = 78,
    pages = {333-345},
      doi = {10.1007/BF00151612},
   adsurl = {http://adsabs.harvard.edu/abs/1982SoPh...78..333S},
  adsnote = {Provided by the SAO/NASA Astrophysics Data System}
}


@ARTICLE{Shibata1992,
   author = {{Shibata}, K. and {Ishido}, Y. and {Acton}, L.~W. and {Strong}, K.~T. and 
	{Hirayama}, T. and {Uchida}, Y. and {McAllister}, A.~H. and 
	{Matsumoto}, R. and {Tsuneta}, S. and {Shimizu}, T. and {Hara}, H. and 
	{Sakurai}, T. and {Ichimoto}, K. and {Nishino}, Y. and {Ogawara}, Y.
	},
    title = "{Observations of X-ray jets with the YOHKOH Soft X-ray Telescope}",
  journal = {\pasj},
 keywords = {Plasma Jets, Solar Corona, Solar X-Rays, Spaceborne Astronomy, X Ray Telescopes, Japanese Spacecraft, Solar Magnetic Field},
     year = 1992,
    month = oct,
   volume = 44,
    pages = {L173-L179},
   adsurl = {http://adsabs.harvard.edu/abs/1992PASJ...44L.173S},
  adsnote = {Provided by the SAO/NASA Astrophysics Data System}
}


@ARTICLE{Suess1990,
   author = {{Suess}, S.~T.},
    title = "{The heliopause}",
  journal = {Reviews of Geophysics},
 keywords = {Heliosphere, Interplanetary Magnetic Fields, Interstellar Magnetic Fields, Interstellar Matter, Solar Wind, Fluid Flow, Galactic Cosmic Rays, Lyman Spectra, Neutral Gases, Plasma Waves, Shock Waves, Solar Radio Emission},
     year = 1990,
    month = feb,
   volume = 28,
    pages = {97-115},
      doi = {10.1029/RG028i001p00097},
   adsurl = {http://adsabs.harvard.edu/abs/1990RvGeo..28...97S},
  adsnote = {Provided by the SAO/NASA Astrophysics Data System}
}

@InProceedings{SunPy2013,
  author    = { Stuart Mumford and David P\'erez-Su\'arez and Steven Christe and Florian Mayer and Russell J. Hewett },
  title     = { SunPy: Python for Solar Physicists },
  booktitle = { Proceedings of the 12th Python in Science Conference },
  pages     = { 74 - 77 },
  year      = { 2013 },
  editor    = { St\'efan van der Walt and Jarrod Millman and Katy Huff }
}


@ARTICLE{Sterling2000,
   author = {{Sterling}, A.~C.},
    title = "{Solar Spicules: A Review of Recent Models and Targets for Future Observations - (Invited Review)}",
  journal = {\solphys},
     year = 2000,
    month = sep,
   volume = 196,
    pages = {79-111},
   adsurl = {http://adsabs.harvard.edu/abs/2000SoPh..196...79S},
  adsnote = {Provided by the SAO/NASA Astrophysics Data System}
}

@ARTICLE{Sterling2010,
   author = {{Sterling}, A.~C. and {Harra}, L.~K. and {Moore}, R.~L.},
    title = "{Fibrillar Chromospheric Spicule-like Counterparts to an Extreme-ultraviolet and Soft X-ray Blowout Coronal Jet}",
  journal = {\apj},
 keywords = {Sun: atmosphere, Sun: chromosphere, Sun: photosphere, Sun: UV radiation, Sun: X-rays, gamma rays},
     year = 2010,
    month = oct,
   volume = 722,
    pages = {1644-1653},
      doi = {10.1088/0004-637X/722/2/1644},
   adsurl = {http://adsabs.harvard.edu/abs/2010ApJ...722.1644S},
  adsnote = {Provided by the SAO/NASA Astrophysics Data System}
}

@INPROCEEDINGS{Sterling2013,
   author = {{Sterling}, A.~C. and {Adams}, M. and {Moore}, R.~L. and {Tennant}, A.~F. and 
	{Gary}, G.~A.},
    title = "{A Small-Scale Filament Eruption Leading to a Blowout Macrospicule Jet in an On-Disk Coronal Hole}",
booktitle = {AAS/Solar Physics Division Meeting},
     year = 2013,
   series = {AAS/Solar Physics Division Meeting},
   volume = 44,
    month = jul,
    pages = {#...17},
   adsurl = {http://adsabs.harvard.edu/abs/2013SPD....44...17S},
  adsnote = {Provided by the SAO/NASA Astrophysics Data System}
}


@BOOK{Stix2004,
   author = {{Stix}, M.},
    title = "{The sun : an introduction}",
 keywords = {SUN, SOLAR PHYSICS, INTRODUCTIONS},
booktitle = {The sun : an introduction, 2nd ed., by Michael Stix.~Astronomy and astrophysics library, Berlin: Springer, 2004.~ ISBN: 3540207414},
     year = 2004,
   adsurl = {http://adsabs.harvard.edu/abs/2004suin.book.....S},
  adsnote = {Provided by the SAO/NASA Astrophysics Data System}
}

@ARTICLE{Tsiropoula2012,
   author = {{Tsiropoula}, G. and {Tziotziou}, K. and {Kontogiannis}, I. and 
	{Madjarska}, M.~S. and {Doyle}, J.~G. and {Suematsu}, Y.},
    title = "{Solar Fine-Scale Structures. I. Spicules and Other Small-Scale, Jet-Like Events at the Chromospheric Level: Observations and Physical Parameters}",
  journal = {\ssr},
archivePrefix = "arXiv",
   eprint = {1207.3956},
 primaryClass = "astro-ph.SR",
 keywords = {Sun, Chromosphere, Spicules, Jet-like structures, Small-scale events, Physical parameters},
     year = 2012,
    month = sep,
   volume = 169,
    pages = {181-244},
      doi = {10.1007/s11214-012-9920-2},
   adsurl = {http://adsabs.harvard.edu/abs/2012SSRv..169..181T},
  adsnote = {Provided by the SAO/NASA Astrophysics Data System}
}



@ARTICLE{Vernazza1981,
   author = {{Vernazza}, J.~E. and {Avrett}, E.~H. and {Loeser}, R.},
    title = "{Structure of the solar chromosphere. III - Models of the EUV brightness components of the quiet-sun}",
  journal = {\apjs},
 keywords = {Atmospheric Models, Brightness Temperature, Chromosphere, Extreme Ultraviolet Radiation, Nonequilibrium Thermodynamics, Radiative Heat Transfer, Solar Atmosphere, Ultraviolet Spectra, Atmospheric Heating, Atomic Energy Levels, Carbon, Graphs (Charts), Hydrogen Atoms, Iron, Lyman Spectra, Solar Temperature, Tables (Data)},
     year = 1981,
    month = apr,
   volume = 45,
    pages = {635-725},
      doi = {10.1086/190731},
   adsurl = {http://adsabs.harvard.edu/abs/1981ApJS...45..635V},
  adsnote = {Provided by the SAO/NASA Astrophysics Data System}
}

@ARTICLE{Vlahos1994,
   author = {{Vlahos}, L.},
    title = "{Theory of fragmented energy release in the Sun}",
  journal = {\ssr},
 keywords = {Coronal Heating, Flares, Particle Acceleration},
     year = 1994,
    month = may,
   volume = 68,
    pages = {39-50},
      doi = {10.1007/BF00749115},
   adsurl = {http://adsabs.harvard.edu/abs/1994SSRv...68...39V},
  adsnote = {Provided by the SAO/NASA Astrophysics Data System}
}

@ARTICLE{Withbroe1976,
   author = {{Withbroe}, G.~L. and {Jaffe}, D.~T. and {Foukal}, P.~V. and 
	{Huber}, M.~C.~E. and {Noyes}, R.~W. and {Reeves}, E.~M. and 
	{Schmahl}, E.~J. and {Timothy}, J.~G. and {Vernazza}, J.~E.},
    title = "{Extreme-ultraviolet transients observed at the solar pole}",
  journal = {\apj},
 keywords = {Chromosphere, Far Ultraviolet Radiation, Polar Regions, Spectroheliographs, Spicules, Continuous Spectra, Lyman Alpha Radiation, Skylab Program, Solar Corona, Solar Flux, Solar Limb, Surges},
     year = 1976,
    month = jan,
   volume = 203,
    pages = {528-532},
      doi = {10.1086/154108},
   adsurl = {http://adsabs.harvard.edu/abs/1976ApJ...203..528W},
  adsnote = {Provided by the SAO/NASA Astrophysics Data System}
}

@article{Xia2005,
	author = {{Xia}, L.~D.  and {Popescu}, M.~D. and {Doyle}, J.~G. and {Giannikakis},J.}, 
	title = {Time series study of EUV~spicules observed by SUMER/SoHO},
	DOI= "10.1051/0004-6361:20042579",
	url= "http://dx.doi.org/10.1051/0004-6361:20042579",
	journal = {A\&A},
	year = 2005,
	volume = 438,
	number = 3,
	pages = "1115-1122",
	month = "",
}


@INPROCEEDINGS{Yamaucho2004,
   author = {{Yamauchi}, Y. and {Moore}, R.~L. and {Suess}, S.~T. and {Wang}, H. and 
	{Sakurai}, T.},
    title = "{Macrospicules, Coronal Heating, and SolarB}",
booktitle = {The Solar-B Mission and the Forefront of Solar Physics},
     year = 2004,
   series = {Astronomical Society of the Pacific Conference Series},
   volume = 325,
   editor = {{Sakurai}, T. and {Sekii}, T.},
    month = dec,
    pages = {301},
   adsurl = {http://adsabs.harvard.edu/abs/2004ASPC..325..301Y},
  adsnote = {Provided by the SAO/NASA Astrophysics Data System}
}


@ARTICLE{Zaqara_Erdelyi2009,
   author = {{Zaqarashvili}, T.~V. and {Erd{\'e}lyi}, R.},
    title = "{Oscillations and Waves in Solar Spicules}",
  journal = {\ssr},
archivePrefix = "arXiv",
   eprint = {0906.1783},
 primaryClass = "astro-ph.SR",
     year = 2009,
    month = dec,
   volume = 149,
    pages = {355-388},
      doi = {10.1007/s11214-009-9549-y},
   adsurl = {http://adsabs.harvard.edu/abs/2009SSRv..149..355Z},
  adsnote = {Provided by the SAO/NASA Astrophysics Data System}
}


@ARTICLE{Zhang2012,
   author = {{Zhang}, Y.~Z. and {Shibata}, K. and {Wang}, J.~X. and {Mao}, X.~J. and 
	{Matsumoto}, T. and {Liu}, Y. and {Su}, J.~T.},
    title = "{Revision of Solar Spicule Classification}",
  journal = {\apj},
archivePrefix = "arXiv",
   eprint = {1202.4518},
 primaryClass = "astro-ph.SR",
 keywords = {Sun: chromosphere, Sun: corona, Sun: transition region},
     year = 2012,
    month = may,
   volume = 750,
      eid = {16},
    pages = {16},
      doi = {10.1088/0004-637X/750/1/16},
   adsurl = {http://adsabs.harvard.edu/abs/2012ApJ...750...16Z},
  adsnote = {Provided by the SAO/NASA Astrophysics Data System}
}


